@article{Hough2006,
 author = {Hough, J. Ben and Krishnapur, Manjunath and Peres, Yuval and Vir{\'a}g, B{\'a}lint},
 journal = {Probability Surveys},
 language = {eng},
 pages = {206-229},
 publisher = {Sponsored by Institute of Mathematical Statistics and by the Bernoulli Society},
 title = {Determinantal processes and independence.},
 url = {http://eudml.org/doc/228049},
 volume = {Vol. 3},
 year = {2006},
}

@article{Hawthorne2015,
 author = {Christa Hawthorne},
 title = {A brief introduction to trace class operators},
 year = {2006},
}

@article{ZerosGaussianPowerSeries,
 author = {Yuval Peres and B{\'a}lint Vir{\'a}g},
 title = {Zeros of the iid Gaussian power series: a conformally invariant determinantal process},
 journal = {Acta Mathematica},
 year = {2005},
 volume = {194},
 number = {1},
 pages = {1--35},
 doi = {10.1007/BF02392515}
}

@comment{thingname,
  author = {Albert Einstein},
  title = {Zur Elektrodynamik bewegter Körper},
  journal = {Annalen der Physik},
  year = {1905},
  volume = {322},
  number = {10},
  pages = {891--921},
}

@book{Hough2009ZerosGAF,
 title={Zeros of Gaussian analytic functions and determinantal point processes},
 author={Hough, John Ben and Krishnapur, Manjunath and Peres, Yuval and others},
 volume={51},
 year={2009},
 publisher={American Mathematical Soc.}
}

@article{Macchi1975,
  title={The coincidence approach to stochastic point processes},
  author={Macchi, Odile},
  journal={Advances in Applied Probability},
  volume={7},
  number={1},
  pages={83--122},
  year={1975},
  publisher={Cambridge University Press}
}

@article{Burton1993,
  title={Local characteristics, entropy and limit theorems for spanning trees and domino tilings via transfer-impedances},
  author={Burton, Robert and Pemantle, Robin},
  journal={The Annals of Probability},
  pages={1329--1371},
  year={1993},
  publisher={JSTOR}
}

@article{Tao2024,
  title={On the distribution of eigenvalues of GUE and its minors at fixed index},
  author={Tao, Terence},
  journal={arXiv:2412.10889},
  year={2024}
}

@misc{Meliot2021,
  title={Determinantal point processes and applications},
  author={Méliot, Pierre-Loïc},
  year={2021}
}

@article{DeterminantalML2013,
  title={Determinantal point processes for machine learning},
  author={Taskar, Alex and Kulesza, Ben},
  journal={Foundations and Trends in Machine Learning},
  volume={5},
  number={2-3},
  pages={123-286},
  year={2013},
}

@article{PPBeyond2023,
  title={Poisson point processes and beyond},
  author={Decreusefond, Laurent},
  year={2023},
  journal={.}
}

@book{PPIntro2003,
  author={D. J. Daley and D. Vere-Jones},
  title={An Introduction to the Theory of Point Processes},
  journal={Probability and Its Applications},
  year={2003},
  volume={1},
  edition={2},
  doi={https://doi.org/10.1007/b97277},
  publisher={Springer},
  isbn={978-0-387-95541-4},
  isbn_softcover={978-1-4757-8109-0},
  isbn_ebook={978-0-387-21564-8},
}

@article{Miyoshi2014,
  title={A cellular network model with Ginibre configured base stations},
  author={Miyoshi, Naoto and Shirai, Tomoyuki},
  journal={Advances in Applied Probability},
  volume={46},
  number={3},
  pages={832--845},
  year={2014},
  publisher={Cambridge University Press}
}

@article{TorrisiLeonardi2014,
  author = {Giovanni Luca Torrisi and Emilio Leonardi},
  title = {Large Deviations of the Interference in the Ginibre Network Model},
  journal = {Stochastic Systems},
  year = {2014},
  volume = {4},
  number = {1},
  pages = {173--205},
  doi = {10.1214/13-SSY109},
}

@article{Vergne2014,
  title={Disaster recovery in wireless networks: A homology-based algorithm},
  author={Vergne, Ana{\"\i}s and Flint, Ian and Decreusefond, Laurent and Martins, Philippe},
  pages={226--230},
  year={2014},
  journal={IEEE}
}

@book{ConwayFunctAnalysis2019,
  title={A course in functional analysis},
  author={Conway, John B},
  volume={96},
  year={2019},
  publisher={Springer}
}

@article{ConwayOpTheory2000,
  title={A Course in Operator Theory},
  author={Conway, JB},
  journal={American Mathematical Society},
  year={2000}
}

@misc{HawthorneTraceClass2015,
  title={A brief introduction to trace class operators},
  author={Hawthorne, Christopher},
  year={2015}
}

@book{Billingsley2013,
  title={Convergence of probability measures},
  author={Billingsley, Patrick},
  year={2013},
  publisher={John Wiley \& Sons}
}

@misc{Bianchi2024,
  author = {P. Bianchi},
  title = {Lecture Notes on Convergence of Probability Measures},
  year = {2024},
  month = {February},
  day = {4},
}

@book{TopologieGénéraleEspaceNormésHassan2021,
  title={Topologie g{\'e}n{\'e}rale et espaces norm{\'e}s-2e {\'e}d.: Cours et exercices corrig{\'e}s},
  author={Hassan, Nawfal El Hage},
  year={2021},
  publisher={Dunod}
}

@misc{Roueff2024,
  author={François Roueff},
  title={Lecture notes on Stochastic modeling},
  year={2024},
  month={September}
}

@article{VereJones1997,
  title={Alpha-permanents and their applications to multivariate gamma, negative binomial and ordinary binomial distributions},
  author={Vere-Jones, David},
  journal={New Zealand J. Math},
  volume={26},
  number={1},
  pages={125--149},
  year={1997}
}

@book{Gohberg2012,
  title={Traces and determinants of linear operators},
  author={Gohberg, Israel and Goldberg, Seymour and Krupnik, Nahum},
  volume={116},
  year={2012},
  publisher={Birkh{\"a}user}
}

@article{Lenard1973,
  title={Correlation functions and the uniqueness of the state in classical statistical mechanics},
  author={Lenard, A},
  journal={Communications in Mathematical Physics},
  volume={30},
  number={1},
  pages={35--44},
  year={1973},
  publisher={Springer}
}

@article{Lenard1975,
  title={States of classical statistical mechanical systems of infinitely many particles. I},
  author={Lenard, Andrew},
  journal={Archive for Rational Mechanics and Analysis},
  volume={59},
  pages={219--239},
  year={1975},
  publisher={Springer}
}

@article{RMS20221,
 author = {RMS},
 title = {Revue de la filière mathématiques},
 year = {2022},
 volume = {133},
 number = {1},
}

@article{RMS20223,
 author = {RMS},
 title = {Revue de la filière mathématiques},
 year = {2022},
 volume = {133},
 number = {3},
}

@article{Soshnikov2000,
  title={Determinantal random point fields},
  author={Soshnikov, Alexander},
  journal={Russian Mathematical Surveys},
  volume={55},
  number={5},
  pages={923},
  year={2000},
  publisher={IOP Publishing}
}

@article{ShiraiTakahashi2003,
  title={Random point fields associated with certain Fredholm determinants II: fermion shifts and their ergodic and Gibbs properties},
  author={Shirai, Tomoyuki and Takahashi, Yoichiro},
  journal={The Annals of Probability},
  volume={31},
  number={3},
  pages={1533--1564},
  year={2003},
  publisher={Institute of Mathematical Statistics}
}

@article{Tamura2006,
  title={A canonical ensemble approach to the fermion/boson random point processes and its applications},
  author={Tamura, Hiroshi and Ito, Keiichi R},
  journal={Communications in mathematical physics},
  volume={263},
  pages={353--380},
  year={2006},
  publisher={Springer}
}

@article{DecreusefondVergne2015,
  title={Efficient simulation of the Ginibre point process},
  author={Decreusefond, Laurent and Flint, Ian and Vergne, Anais},
  journal={Journal of Applied Probability},
  volume={52},
  number={4},
  pages={1003--1012},
  year={2015},
  publisher={Cambridge University Press}
}

@article{Ginibre1965,
  title={Statistical ensembles of complex, quaternion, and real matrices},
  author={Ginibre, Jean},
  journal={Journal of Mathematical Physics},
  volume={6},
  number={3},
  pages={440--449},
  year={1965},
  publisher={American Institute of Physics}
}

@article{DecreusefondMoroz2021,
  title={Optimal transport between determinantal point processes and application to fast simulation},
  author={Decreusefond, Laurent and Moroz, Guillaume},
  journal={Modern Stochastics: Theory and Applications},
  volume={8},
  number={2},
  pages={209--237},
  year={2021},
}

@article{Caer1990,
  title={The Voronoi tessellation generated from eigenvalues of complex random matrices},
  author={Le Ca{\"e}r, G and Ho, JS},
  journal={Journal of Physics A: Mathematical and General},
  volume={23},
  number={14},
  pages={3279},
  year={1990},
  publisher={IOP Publishing}
}

@article{Decreusefond2008,
  title={Wasserstein distance on configuration space},
  author={Decreusefond, Laurent},
  journal={Potential Analysis},
  volume={28},
  number={3},
  pages={283--300},
  year={2008},
  publisher={Springer}
}


@article{ShiraiTakahashi2003,
  title={Random point fields associated with certain Fredholm determinants I: fermion, Poisson and boson point processes},
  author={Shirai, Tomoyuki and Takahashi, Yoichiro},
  journal={Journal of Functional Analysis},
  volume={205},
  number={2},
  pages={414--463},
  year={2003},
  publisher={Elsevier}
}

@incollection{Decreusefond2016,
  title={Determinantal point processes},
  author={Decreusefond, Laurent and Flint, Ian and Privault, Nicolas and Torrisi, Giovanni Luca},
  booktitle={Stochastic analysis for poisson point processes: Malliavin calculus, wiener-It{\^o} chaos expansions and stochastic geometry},
  pages={311--342},
  year={2016},
  publisher={Springer}
}


@misc{ParisEst2022,
 author = {Nathael Gozlan and Paul-Marie Samson and Pierre-André Zitt},
 title = {Notes de cours sur le Transport Optimal},
 year = {2022},
}

@book{Villani2009,
  title={Optimal transport: old and new},
  author={Villani, C{\'e}dric and others},
  volume={338},
  year={2009},
  publisher={Springer}
}

@book{Villani2021,
  title={Topics in optimal transportation},
  author={Villani, C{\'e}dric},
  volume={58},
  year={2021},
  publisher={American Mathematical Soc.}
}

@misc{Orsay2022,
 author = {Chizat, Lénaïc and et Nenna, Luca},
 title = {Notes de cours sur le Transport Optimal},
 year = {2021},
}

@misc{MorozSoftware,
  author       = {G. Moroz},
  title        = {Determinantal point process},
  year         = {2020},
  howpublished = {\url{https://gitlab.inria.fr/gmoro/point_process}},
  note         = {Software, doi:10.5281/zenodo.4088585  },
}

@comment{Nothing,
 author = {},
 title = {},
 journal = {},
 year = {},
 volume = {},
 number = {},
 pages = {},
 doi = {},
 publisher = {},
 language = {},
}